%YAML 1.1
%TAG !u! tag:unity3d.com,2011:
--- !u!29 &1
OcclusionCullingSettings:
  m_ObjectHideFlags: 0
  serializedVersion: 2
  m_OcclusionBakeSettings:
    smallestOccluder: 5
    smallestHole: 0.25
    backfaceThreshold: 100
  m_SceneGUID: 00000000000000000000000000000000
  m_OcclusionCullingData: {fileID: 0}
--- !u!104 &2
RenderSettings:
  m_ObjectHideFlags: 0
  serializedVersion: 9
  m_Fog: 0
  m_FogColor: {r: 0.5, g: 0.5, b: 0.5, a: 1}
  m_FogMode: 3
  m_FogDensity: 0.01
  m_LinearFogStart: 0
  m_LinearFogEnd: 300
  m_AmbientSkyColor: {r: 0.212, g: 0.227, b: 0.259, a: 1}
  m_AmbientEquatorColor: {r: 0.114, g: 0.125, b: 0.133, a: 1}
  m_AmbientGroundColor: {r: 0.047, g: 0.043, b: 0.035, a: 1}
  m_AmbientIntensity: 1
  m_AmbientMode: 3
  m_SubtractiveShadowColor: {r: 0.42, g: 0.478, b: 0.627, a: 1}
  m_SkyboxMaterial: {fileID: 0}
  m_HaloStrength: 0.5
  m_FlareStrength: 1
  m_FlareFadeSpeed: 3
  m_HaloTexture: {fileID: 0}
  m_SpotCookie: {fileID: 10001, guid: 0000000000000000e000000000000000, type: 0}
  m_DefaultReflectionMode: 0
  m_DefaultReflectionResolution: 128
  m_ReflectionBounces: 1
  m_ReflectionIntensity: 1
  m_CustomReflection: {fileID: 0}
  m_Sun: {fileID: 0}
  m_IndirectSpecularColor: {r: 0, g: 0, b: 0, a: 1}
  m_UseRadianceAmbientProbe: 0
--- !u!157 &3
LightmapSettings:
  m_ObjectHideFlags: 0
  serializedVersion: 11
  m_GIWorkflowMode: 1
  m_GISettings:
    serializedVersion: 2
    m_BounceScale: 1
    m_IndirectOutputScale: 1
    m_AlbedoBoost: 1
    m_TemporalCoherenceThreshold: 1
    m_EnvironmentLightingMode: 0
    m_EnableBakedLightmaps: 0
    m_EnableRealtimeLightmaps: 0
  m_LightmapEditorSettings:
    serializedVersion: 10
    m_Resolution: 2
    m_BakeResolution: 40
    m_AtlasSize: 1024
    m_AO: 0
    m_AOMaxDistance: 1
    m_CompAOExponent: 1
    m_CompAOExponentDirect: 0
    m_Padding: 2
    m_LightmapParameters: {fileID: 0}
    m_LightmapsBakeMode: 1
    m_TextureCompression: 1
    m_FinalGather: 0
    m_FinalGatherFiltering: 1
    m_FinalGatherRayCount: 256
    m_ReflectionCompression: 2
    m_MixedBakeMode: 2
    m_BakeBackend: 1
    m_PVRSampling: 1
    m_PVRDirectSampleCount: 32
    m_PVRSampleCount: 500
    m_PVRBounces: 2
    m_PVRFilterTypeDirect: 0
    m_PVRFilterTypeIndirect: 0
    m_PVRFilterTypeAO: 0
    m_PVRFilteringMode: 1
    m_PVRCulling: 1
    m_PVRFilteringGaussRadiusDirect: 1
    m_PVRFilteringGaussRadiusIndirect: 5
    m_PVRFilteringGaussRadiusAO: 2
    m_PVRFilteringAtrousPositionSigmaDirect: 0.5
    m_PVRFilteringAtrousPositionSigmaIndirect: 2
    m_PVRFilteringAtrousPositionSigmaAO: 1
    m_ShowResolutionOverlay: 1
  m_LightingDataAsset: {fileID: 0}
  m_UseShadowmask: 1
--- !u!196 &4
NavMeshSettings:
  serializedVersion: 2
  m_ObjectHideFlags: 0
  m_BuildSettings:
    serializedVersion: 2
    agentTypeID: 0
    agentRadius: 0.5
    agentHeight: 2
    agentSlope: 45
    agentClimb: 0.4
    ledgeDropHeight: 0
    maxJumpAcrossDistance: 0
    minRegionArea: 2
    manualCellSize: 0
    cellSize: 0.16666667
    manualTileSize: 0
    tileSize: 256
    accuratePlacement: 0
    debug:
      m_Flags: 0
  m_NavMeshData: {fileID: 0}
--- !u!1001 &160894661
Prefab:
  m_ObjectHideFlags: 0
  serializedVersion: 2
  m_Modification:
    m_TransformParent: {fileID: 0}
    m_Modifications:
    - target: {fileID: 4356700608202668, guid: b4c05ac494e37894c9b0c7d98ee5e890, type: 2}
      propertyPath: m_LocalPosition.x
      value: -5.27
      objectReference: {fileID: 0}
    - target: {fileID: 4356700608202668, guid: b4c05ac494e37894c9b0c7d98ee5e890, type: 2}
      propertyPath: m_LocalPosition.y
      value: -2.08
      objectReference: {fileID: 0}
    - target: {fileID: 4356700608202668, guid: b4c05ac494e37894c9b0c7d98ee5e890, type: 2}
      propertyPath: m_LocalPosition.z
      value: 0
      objectReference: {fileID: 0}
    - target: {fileID: 4356700608202668, guid: b4c05ac494e37894c9b0c7d98ee5e890, type: 2}
      propertyPath: m_LocalRotation.x
      value: 0
      objectReference: {fileID: 0}
    - target: {fileID: 4356700608202668, guid: b4c05ac494e37894c9b0c7d98ee5e890, type: 2}
      propertyPath: m_LocalRotation.y
      value: 0
      objectReference: {fileID: 0}
    - target: {fileID: 4356700608202668, guid: b4c05ac494e37894c9b0c7d98ee5e890, type: 2}
      propertyPath: m_LocalRotation.z
      value: 0
      objectReference: {fileID: 0}
    - target: {fileID: 4356700608202668, guid: b4c05ac494e37894c9b0c7d98ee5e890, type: 2}
      propertyPath: m_LocalRotation.w
      value: 1
      objectReference: {fileID: 0}
    - target: {fileID: 4356700608202668, guid: b4c05ac494e37894c9b0c7d98ee5e890, type: 2}
      propertyPath: m_RootOrder
      value: 2
      objectReference: {fileID: 0}
    - target: {fileID: 4356700608202668, guid: b4c05ac494e37894c9b0c7d98ee5e890, type: 2}
      propertyPath: m_LocalScale.x
      value: 5
      objectReference: {fileID: 0}
    - target: {fileID: 4356700608202668, guid: b4c05ac494e37894c9b0c7d98ee5e890, type: 2}
      propertyPath: m_LocalScale.y
      value: 5
      objectReference: {fileID: 0}
    - target: {fileID: 4356700608202668, guid: b4c05ac494e37894c9b0c7d98ee5e890, type: 2}
      propertyPath: m_LocalScale.z
      value: 1
      objectReference: {fileID: 0}
    m_RemovedComponents: []
  m_SourcePrefab: {fileID: 100100000, guid: b4c05ac494e37894c9b0c7d98ee5e890, type: 2}
  m_IsPrefabAsset: 0
--- !u!1001 &261863488
Prefab:
  m_ObjectHideFlags: 0
  serializedVersion: 2
  m_Modification:
    m_TransformParent: {fileID: 0}
    m_Modifications:
    - target: {fileID: 4761622472821154, guid: 8ac8ec9ca2c94b948b1bc35527f7ec2b, type: 2}
      propertyPath: m_LocalPosition.x
      value: -3.8008528
      objectReference: {fileID: 0}
    - target: {fileID: 4761622472821154, guid: 8ac8ec9ca2c94b948b1bc35527f7ec2b, type: 2}
      propertyPath: m_LocalPosition.y
      value: 3.0161984
      objectReference: {fileID: 0}
    - target: {fileID: 4761622472821154, guid: 8ac8ec9ca2c94b948b1bc35527f7ec2b, type: 2}
      propertyPath: m_LocalPosition.z
      value: 0
      objectReference: {fileID: 0}
    - target: {fileID: 4761622472821154, guid: 8ac8ec9ca2c94b948b1bc35527f7ec2b, type: 2}
      propertyPath: m_LocalRotation.x
      value: 0
      objectReference: {fileID: 0}
    - target: {fileID: 4761622472821154, guid: 8ac8ec9ca2c94b948b1bc35527f7ec2b, type: 2}
      propertyPath: m_LocalRotation.y
      value: 0
      objectReference: {fileID: 0}
    - target: {fileID: 4761622472821154, guid: 8ac8ec9ca2c94b948b1bc35527f7ec2b, type: 2}
      propertyPath: m_LocalRotation.z
      value: 0
      objectReference: {fileID: 0}
    - target: {fileID: 4761622472821154, guid: 8ac8ec9ca2c94b948b1bc35527f7ec2b, type: 2}
      propertyPath: m_LocalRotation.w
      value: 1
      objectReference: {fileID: 0}
    - target: {fileID: 4761622472821154, guid: 8ac8ec9ca2c94b948b1bc35527f7ec2b, type: 2}
      propertyPath: m_RootOrder
      value: 1
      objectReference: {fileID: 0}
    m_RemovedComponents: []
  m_SourcePrefab: {fileID: 100100000, guid: 8ac8ec9ca2c94b948b1bc35527f7ec2b, type: 2}
  m_IsPrefabAsset: 0
--- !u!1001 &401484952
Prefab:
  m_ObjectHideFlags: 0
  serializedVersion: 2
  m_Modification:
    m_TransformParent: {fileID: 0}
    m_Modifications:
    - target: {fileID: 4537047734611470, guid: 0f1cb1a10ada4fd44b59818bac2b0821, type: 2}
      propertyPath: m_LocalPosition.x
      value: 2.2509131
      objectReference: {fileID: 0}
    - target: {fileID: 4537047734611470, guid: 0f1cb1a10ada4fd44b59818bac2b0821, type: 2}
      propertyPath: m_LocalPosition.y
      value: 2.739722
      objectReference: {fileID: 0}
    - target: {fileID: 4537047734611470, guid: 0f1cb1a10ada4fd44b59818bac2b0821, type: 2}
      propertyPath: m_LocalPosition.z
      value: 0
      objectReference: {fileID: 0}
    - target: {fileID: 4537047734611470, guid: 0f1cb1a10ada4fd44b59818bac2b0821, type: 2}
      propertyPath: m_LocalRotation.x
      value: 0
      objectReference: {fileID: 0}
    - target: {fileID: 4537047734611470, guid: 0f1cb1a10ada4fd44b59818bac2b0821, type: 2}
      propertyPath: m_LocalRotation.y
      value: 0
      objectReference: {fileID: 0}
    - target: {fileID: 4537047734611470, guid: 0f1cb1a10ada4fd44b59818bac2b0821, type: 2}
      propertyPath: m_LocalRotation.z
      value: 0
      objectReference: {fileID: 0}
    - target: {fileID: 4537047734611470, guid: 0f1cb1a10ada4fd44b59818bac2b0821, type: 2}
      propertyPath: m_LocalRotation.w
      value: 1
      objectReference: {fileID: 0}
    - target: {fileID: 4537047734611470, guid: 0f1cb1a10ada4fd44b59818bac2b0821, type: 2}
      propertyPath: m_RootOrder
      value: 1
      objectReference: {fileID: 0}
    m_RemovedComponents: []
  m_SourcePrefab: {fileID: 100100000, guid: 0f1cb1a10ada4fd44b59818bac2b0821, type: 2}
  m_IsPrefabAsset: 0
--- !u!1 &470712246
GameObject:
  m_ObjectHideFlags: 0
  m_CorrespondingSourceObject: {fileID: 0}
  m_PrefabInternal: {fileID: 0}
  serializedVersion: 6
  m_Component:
  - component: {fileID: 470712249}
  - component: {fileID: 470712248}
  - component: {fileID: 470712247}
  m_Layer: 0
  m_Name: Main Camera
  m_TagString: MainCamera
  m_Icon: {fileID: 0}
  m_NavMeshLayer: 0
  m_StaticEditorFlags: 0
  m_IsActive: 1
--- !u!81 &470712247
AudioListener:
  m_ObjectHideFlags: 0
  m_CorrespondingSourceObject: {fileID: 0}
  m_PrefabInternal: {fileID: 0}
  m_GameObject: {fileID: 470712246}
  m_Enabled: 1
--- !u!20 &470712248
Camera:
  m_ObjectHideFlags: 0
  m_CorrespondingSourceObject: {fileID: 0}
  m_PrefabInternal: {fileID: 0}
  m_GameObject: {fileID: 470712246}
  m_Enabled: 1
  serializedVersion: 2
  m_ClearFlags: 1
  m_BackGroundColor: {r: 0.19215687, g: 0.3019608, b: 0.4745098, a: 0}
  m_projectionMatrixMode: 1
  m_SensorSize: {x: 36, y: 24}
  m_LensShift: {x: 0, y: 0}
  m_FocalLength: 50
  m_NormalizedViewPortRect:
    serializedVersion: 2
    x: 0
    y: 0
    width: 1
    height: 1
  near clip plane: 0.3
  far clip plane: 1000
  field of view: 60
  orthographic: 1
  orthographic size: 5
  m_Depth: -1
  m_CullingMask:
    serializedVersion: 2
    m_Bits: 4294967295
  m_RenderingPath: -1
  m_TargetTexture: {fileID: 0}
  m_TargetDisplay: 0
  m_TargetEye: 3
  m_HDR: 1
  m_AllowMSAA: 1
  m_AllowDynamicResolution: 0
  m_ForceIntoRT: 0
  m_OcclusionCulling: 1
  m_StereoConvergence: 10
  m_StereoSeparation: 0.022
--- !u!4 &470712249
Transform:
  m_ObjectHideFlags: 0
  m_CorrespondingSourceObject: {fileID: 0}
  m_PrefabInternal: {fileID: 0}
  m_GameObject: {fileID: 470712246}
  m_LocalRotation: {x: 0, y: 0, z: 0, w: 1}
  m_LocalPosition: {x: 0, y: 0, z: -10}
  m_LocalScale: {x: 1, y: 1, z: 1}
  m_Children: []
  m_Father: {fileID: 0}
  m_RootOrder: 0
  m_LocalEulerAnglesHint: {x: 0, y: 0, z: 0}
--- !u!1001 &602280134
Prefab:
  m_ObjectHideFlags: 0
  serializedVersion: 2
  m_Modification:
    m_TransformParent: {fileID: 0}
    m_Modifications:
    - target: {fileID: 4804115099120760, guid: bc5097c5bc5d87f4895b07dedbd08eee, type: 2}
      propertyPath: m_LocalPosition.x
      value: 4.74
      objectReference: {fileID: 0}
    - target: {fileID: 4804115099120760, guid: bc5097c5bc5d87f4895b07dedbd08eee, type: 2}
      propertyPath: m_LocalPosition.y
      value: -3.28
      objectReference: {fileID: 0}
    - target: {fileID: 4804115099120760, guid: bc5097c5bc5d87f4895b07dedbd08eee, type: 2}
      propertyPath: m_LocalPosition.z
      value: 0
      objectReference: {fileID: 0}
    - target: {fileID: 4804115099120760, guid: bc5097c5bc5d87f4895b07dedbd08eee, type: 2}
      propertyPath: m_LocalRotation.x
      value: 0
      objectReference: {fileID: 0}
    - target: {fileID: 4804115099120760, guid: bc5097c5bc5d87f4895b07dedbd08eee, type: 2}
      propertyPath: m_LocalRotation.y
      value: 0
      objectReference: {fileID: 0}
    - target: {fileID: 4804115099120760, guid: bc5097c5bc5d87f4895b07dedbd08eee, type: 2}
      propertyPath: m_LocalRotation.z
      value: 0
      objectReference: {fileID: 0}
    - target: {fileID: 4804115099120760, guid: bc5097c5bc5d87f4895b07dedbd08eee, type: 2}
      propertyPath: m_LocalRotation.w
      value: 1
      objectReference: {fileID: 0}
    - target: {fileID: 4804115099120760, guid: bc5097c5bc5d87f4895b07dedbd08eee, type: 2}
      propertyPath: m_RootOrder
      value: 3
      objectReference: {fileID: 0}
    - target: {fileID: 212135035131152884, guid: bc5097c5bc5d87f4895b07dedbd08eee,
        type: 2}
      propertyPath: m_Sprite
      value: 
      objectReference: {fileID: 21300000, guid: 9b283aa9164b7e247aabe38f174bc6e8,
        type: 3}
    - target: {fileID: 212135035131152884, guid: bc5097c5bc5d87f4895b07dedbd08eee,
        type: 2}
      propertyPath: m_Size.x
      value: 5
      objectReference: {fileID: 0}
    - target: {fileID: 212135035131152884, guid: bc5097c5bc5d87f4895b07dedbd08eee,
        type: 2}
      propertyPath: m_Size.y
      value: 5
      objectReference: {fileID: 0}
    - target: {fileID: 212135035131152884, guid: bc5097c5bc5d87f4895b07dedbd08eee,
        type: 2}
      propertyPath: m_WasSpriteAssigned
      value: 1
      objectReference: {fileID: 0}
    - target: {fileID: 1125037574850486, guid: bc5097c5bc5d87f4895b07dedbd08eee, type: 2}
      propertyPath: m_Layer
      value: 11
      objectReference: {fileID: 0}
    - target: {fileID: 114411947742575602, guid: bc5097c5bc5d87f4895b07dedbd08eee,
        type: 2}
      propertyPath: _radius
      value: 5
      objectReference: {fileID: 0}
    - target: {fileID: 114411947742575602, guid: bc5097c5bc5d87f4895b07dedbd08eee,
        type: 2}
      propertyPath: _actionText
      value: 
      objectReference: {fileID: 1707142219}
    m_RemovedComponents: []
  m_SourcePrefab: {fileID: 100100000, guid: bc5097c5bc5d87f4895b07dedbd08eee, type: 2}
  m_IsPrefabAsset: 0
--- !u!1001 &824868546
Prefab:
  m_ObjectHideFlags: 0
  serializedVersion: 2
  m_Modification:
    m_TransformParent: {fileID: 0}
    m_Modifications:
    - target: {fileID: 4543367799936000, guid: 1e9088204acefe94e8811a83cf9fd691, type: 2}
      propertyPath: m_LocalPosition.x
      value: 0
      objectReference: {fileID: 0}
    - target: {fileID: 4543367799936000, guid: 1e9088204acefe94e8811a83cf9fd691, type: 2}
      propertyPath: m_LocalPosition.y
      value: 0
      objectReference: {fileID: 0}
    - target: {fileID: 4543367799936000, guid: 1e9088204acefe94e8811a83cf9fd691, type: 2}
      propertyPath: m_LocalPosition.z
      value: 0
      objectReference: {fileID: 0}
    - target: {fileID: 4543367799936000, guid: 1e9088204acefe94e8811a83cf9fd691, type: 2}
      propertyPath: m_LocalRotation.x
      value: 0
      objectReference: {fileID: 0}
    - target: {fileID: 4543367799936000, guid: 1e9088204acefe94e8811a83cf9fd691, type: 2}
      propertyPath: m_LocalRotation.y
      value: 0
      objectReference: {fileID: 0}
    - target: {fileID: 4543367799936000, guid: 1e9088204acefe94e8811a83cf9fd691, type: 2}
      propertyPath: m_LocalRotation.z
      value: 0
      objectReference: {fileID: 0}
    - target: {fileID: 4543367799936000, guid: 1e9088204acefe94e8811a83cf9fd691, type: 2}
      propertyPath: m_LocalRotation.w
      value: 1
      objectReference: {fileID: 0}
    - target: {fileID: 4543367799936000, guid: 1e9088204acefe94e8811a83cf9fd691, type: 2}
      propertyPath: m_RootOrder
      value: 4
      objectReference: {fileID: 0}
    m_RemovedComponents: []
  m_SourcePrefab: {fileID: 100100000, guid: 1e9088204acefe94e8811a83cf9fd691, type: 2}
  m_IsPrefabAsset: 0
--- !u!1001 &835150031
Prefab:
  m_ObjectHideFlags: 0
  serializedVersion: 2
  m_Modification:
    m_TransformParent: {fileID: 0}
    m_Modifications:
    - target: {fileID: 4761622472821154, guid: 8ac8ec9ca2c94b948b1bc35527f7ec2b, type: 2}
      propertyPath: m_LocalPosition.x
      value: 7.012456
      objectReference: {fileID: 0}
    - target: {fileID: 4761622472821154, guid: 8ac8ec9ca2c94b948b1bc35527f7ec2b, type: 2}
      propertyPath: m_LocalPosition.y
      value: 3.1697965
      objectReference: {fileID: 0}
    - target: {fileID: 4761622472821154, guid: 8ac8ec9ca2c94b948b1bc35527f7ec2b, type: 2}
      propertyPath: m_LocalPosition.z
      value: 0
      objectReference: {fileID: 0}
    - target: {fileID: 4761622472821154, guid: 8ac8ec9ca2c94b948b1bc35527f7ec2b, type: 2}
      propertyPath: m_LocalRotation.x
      value: 0
      objectReference: {fileID: 0}
    - target: {fileID: 4761622472821154, guid: 8ac8ec9ca2c94b948b1bc35527f7ec2b, type: 2}
      propertyPath: m_LocalRotation.y
      value: 0
      objectReference: {fileID: 0}
    - target: {fileID: 4761622472821154, guid: 8ac8ec9ca2c94b948b1bc35527f7ec2b, type: 2}
      propertyPath: m_LocalRotation.z
      value: 0
      objectReference: {fileID: 0}
    - target: {fileID: 4761622472821154, guid: 8ac8ec9ca2c94b948b1bc35527f7ec2b, type: 2}
      propertyPath: m_LocalRotation.w
      value: 1
      objectReference: {fileID: 0}
    - target: {fileID: 4761622472821154, guid: 8ac8ec9ca2c94b948b1bc35527f7ec2b, type: 2}
      propertyPath: m_RootOrder
      value: 1
      objectReference: {fileID: 0}
    - target: {fileID: 1806487168458130, guid: 8ac8ec9ca2c94b948b1bc35527f7ec2b, type: 2}
      propertyPath: m_Name
      value: Perch (1)
      objectReference: {fileID: 0}
    m_RemovedComponents: []
  m_SourcePrefab: {fileID: 100100000, guid: 8ac8ec9ca2c94b948b1bc35527f7ec2b, type: 2}
  m_IsPrefabAsset: 0
--- !u!1 &965330959 stripped
GameObject:
  m_CorrespondingSourceObject: {fileID: 1125037574850486, guid: bc5097c5bc5d87f4895b07dedbd08eee,
    type: 2}
  m_PrefabInternal: {fileID: 602280134}
--- !u!61 &965330964
BoxCollider2D:
  m_ObjectHideFlags: 0
  m_CorrespondingSourceObject: {fileID: 0}
  m_PrefabInternal: {fileID: 0}
  m_GameObject: {fileID: 965330959}
  m_Enabled: 1
  m_Density: 1
  m_Material: {fileID: 0}
  m_IsTrigger: 0
  m_UsedByEffector: 0
  m_UsedByComposite: 0
  m_Offset: {x: 0.3078432, y: 0}
  m_SpriteTilingProperty:
    border: {x: 0, y: 0, z: 0, w: 0}
    pivot: {x: 0.5, y: 0.5}
    oldSize: {x: 1.6666666, y: 1.6666666}
    newSize: {x: 5, y: 5}
    adaptiveTilingThreshold: 0.5
    drawMode: 0
    adaptiveTiling: 0
  m_AutoTiling: 0
  serializedVersion: 2
  m_Size: {x: 0.7631254, y: 1.6666666}
  m_EdgeRadius: 0
--- !u!1001 &1110786252
Prefab:
  m_ObjectHideFlags: 0
  serializedVersion: 2
  m_Modification:
    m_TransformParent: {fileID: 0}
    m_Modifications:
    - target: {fileID: 4651949544656434, guid: 2681fb43e4a2cd94ebdd8e1d2303170b, type: 2}
      propertyPath: m_LocalPosition.x
      value: 7.45
      objectReference: {fileID: 0}
    - target: {fileID: 4651949544656434, guid: 2681fb43e4a2cd94ebdd8e1d2303170b, type: 2}
      propertyPath: m_LocalPosition.y
      value: -3.3
      objectReference: {fileID: 0}
    - target: {fileID: 4651949544656434, guid: 2681fb43e4a2cd94ebdd8e1d2303170b, type: 2}
      propertyPath: m_LocalPosition.z
      value: -0.28601506
      objectReference: {fileID: 0}
    - target: {fileID: 4651949544656434, guid: 2681fb43e4a2cd94ebdd8e1d2303170b, type: 2}
      propertyPath: m_LocalRotation.x
      value: 0
      objectReference: {fileID: 0}
    - target: {fileID: 4651949544656434, guid: 2681fb43e4a2cd94ebdd8e1d2303170b, type: 2}
      propertyPath: m_LocalRotation.y
      value: 0
      objectReference: {fileID: 0}
    - target: {fileID: 4651949544656434, guid: 2681fb43e4a2cd94ebdd8e1d2303170b, type: 2}
      propertyPath: m_LocalRotation.z
      value: 0
      objectReference: {fileID: 0}
    - target: {fileID: 4651949544656434, guid: 2681fb43e4a2cd94ebdd8e1d2303170b, type: 2}
      propertyPath: m_LocalRotation.w
      value: 1
      objectReference: {fileID: 0}
    - target: {fileID: 4651949544656434, guid: 2681fb43e4a2cd94ebdd8e1d2303170b, type: 2}
      propertyPath: m_RootOrder
      value: 5
      objectReference: {fileID: 0}
    m_RemovedComponents: []
  m_SourcePrefab: {fileID: 100100000, guid: 2681fb43e4a2cd94ebdd8e1d2303170b, type: 2}
  m_IsPrefabAsset: 0
--- !u!1001 &1339278186
Prefab:
  m_ObjectHideFlags: 0
  serializedVersion: 2
  m_Modification:
    m_TransformParent: {fileID: 0}
    m_Modifications:
    - target: {fileID: 4651949544656434, guid: 2681fb43e4a2cd94ebdd8e1d2303170b, type: 2}
      propertyPath: m_LocalPosition.x
      value: 2.42
      objectReference: {fileID: 0}
    - target: {fileID: 4651949544656434, guid: 2681fb43e4a2cd94ebdd8e1d2303170b, type: 2}
      propertyPath: m_LocalPosition.y
      value: -3.3
      objectReference: {fileID: 0}
    - target: {fileID: 4651949544656434, guid: 2681fb43e4a2cd94ebdd8e1d2303170b, type: 2}
      propertyPath: m_LocalPosition.z
      value: -0.28601506
      objectReference: {fileID: 0}
    - target: {fileID: 4651949544656434, guid: 2681fb43e4a2cd94ebdd8e1d2303170b, type: 2}
      propertyPath: m_LocalRotation.x
      value: 0
      objectReference: {fileID: 0}
    - target: {fileID: 4651949544656434, guid: 2681fb43e4a2cd94ebdd8e1d2303170b, type: 2}
      propertyPath: m_LocalRotation.y
      value: 0
      objectReference: {fileID: 0}
    - target: {fileID: 4651949544656434, guid: 2681fb43e4a2cd94ebdd8e1d2303170b, type: 2}
      propertyPath: m_LocalRotation.z
      value: 0
      objectReference: {fileID: 0}
    - target: {fileID: 4651949544656434, guid: 2681fb43e4a2cd94ebdd8e1d2303170b, type: 2}
      propertyPath: m_LocalRotation.w
      value: 1
      objectReference: {fileID: 0}
    - target: {fileID: 4651949544656434, guid: 2681fb43e4a2cd94ebdd8e1d2303170b, type: 2}
      propertyPath: m_RootOrder
      value: 6
      objectReference: {fileID: 0}
    - target: {fileID: 1814994321367184, guid: 2681fb43e4a2cd94ebdd8e1d2303170b, type: 2}
      propertyPath: m_Name
      value: Chair (1)
      objectReference: {fileID: 0}
    m_RemovedComponents: []
  m_SourcePrefab: {fileID: 100100000, guid: 2681fb43e4a2cd94ebdd8e1d2303170b, type: 2}
  m_IsPrefabAsset: 0
--- !u!114 &1707142219 stripped
MonoBehaviour:
  m_CorrespondingSourceObject: {fileID: 114346072717134398, guid: bc5097c5bc5d87f4895b07dedbd08eee,
    type: 2}
  m_PrefabInternal: {fileID: 602280134}
  m_Script: {fileID: 708705254, guid: f70555f144d8491a825f0804e09c671c, type: 3}
--- !u!1 &1780786916
GameObject:
  m_ObjectHideFlags: 0
  m_CorrespondingSourceObject: {fileID: 0}
  m_PrefabInternal: {fileID: 0}
  serializedVersion: 6
  m_Component:
  - component: {fileID: 1780786919}
  - component: {fileID: 1780786918}
  - component: {fileID: 1780786917}
  m_Layer: 0
  m_Name: EventSystem
  m_TagString: Untagged
  m_Icon: {fileID: 0}
  m_NavMeshLayer: 0
  m_StaticEditorFlags: 0
  m_IsActive: 1
--- !u!114 &1780786917
MonoBehaviour:
  m_ObjectHideFlags: 0
  m_CorrespondingSourceObject: {fileID: 0}
  m_PrefabInternal: {fileID: 0}
  m_GameObject: {fileID: 1780786916}
  m_Enabled: 1
  m_EditorHideFlags: 0
  m_Script: {fileID: 1077351063, guid: f70555f144d8491a825f0804e09c671c, type: 3}
  m_Name: 
  m_EditorClassIdentifier: 
  m_HorizontalAxis: Horizontal
  m_VerticalAxis: Vertical
  m_SubmitButton: Submit
  m_CancelButton: Cancel
  m_InputActionsPerSecond: 10
  m_RepeatDelay: 0.5
  m_ForceModuleActive: 0
--- !u!114 &1780786918
MonoBehaviour:
  m_ObjectHideFlags: 0
  m_CorrespondingSourceObject: {fileID: 0}
  m_PrefabInternal: {fileID: 0}
  m_GameObject: {fileID: 1780786916}
  m_Enabled: 1
  m_EditorHideFlags: 0
  m_Script: {fileID: -619905303, guid: f70555f144d8491a825f0804e09c671c, type: 3}
  m_Name: 
  m_EditorClassIdentifier: 
  m_FirstSelected: {fileID: 0}
  m_sendNavigationEvents: 1
  m_DragThreshold: 10
--- !u!4 &1780786919
Transform:
  m_ObjectHideFlags: 0
  m_CorrespondingSourceObject: {fileID: 0}
  m_PrefabInternal: {fileID: 0}
  m_GameObject: {fileID: 1780786916}
  m_LocalRotation: {x: 0, y: 0, z: 0, w: 1}
  m_LocalPosition: {x: 0, y: 0, z: 0}
  m_LocalScale: {x: 1, y: 1, z: 1}
  m_Children: []
  m_Father: {fileID: 0}
  m_RootOrder: 4
  m_LocalEulerAnglesHint: {x: 0, y: 0, z: 0}
